[gd_scene load_steps=10 format=3 uid="uid://ubag8470a2o6"]

[ext_resource type="Script" path="res://plugins/lobby/example/example_lobby.gd" id="1_ng8tx"]
[ext_resource type="PackedScene" uid="uid://bxcvi8c6dt5sl" path="res://plugins/lobby/example/client.tscn" id="2_40jd3"]
[ext_resource type="Texture2D" uid="uid://dvsk1epvutcc3" path="res://icon.svg" id="2_b51qq"]
[ext_resource type="Resource" uid="uid://doq7l6aq1ut34" path="res://plugins/lobby/example/example_lobby_config.tres" id="3_0ruou"]

[sub_resource type="StyleBoxTexture" id="StyleBoxTexture_l6jty"]
texture = ExtResource("2_b51qq")

[sub_resource type="StyleBoxTexture" id="StyleBoxTexture_fp2ia"]
texture = ExtResource("2_b51qq")

[sub_resource type="StyleBoxTexture" id="StyleBoxTexture_iarei"]
texture = ExtResource("2_b51qq")

[sub_resource type="StyleBoxTexture" id="StyleBoxTexture_553rh"]
texture = ExtResource("2_b51qq")

[sub_resource type="StyleBoxTexture" id="StyleBoxTexture_4hqol"]
texture = ExtResource("2_b51qq")

[node name="Lobby" type="Control"]
layout_mode = 3
anchors_preset = 15
anchor_right = 1.0
anchor_bottom = 1.0
grow_horizontal = 2
grow_vertical = 2
script = ExtResource("1_ng8tx")
client_api_scene = ExtResource("2_40jd3")
lobby_config = ExtResource("3_0ruou")
metadata/_edit_lock_ = true

[node name="Prancheta1" type="TextureRect" parent="."]
layout_mode = 1
anchors_preset = 15
anchor_right = 1.0
anchor_bottom = 1.0
grow_horizontal = 2
grow_vertical = 2
texture = ExtResource("2_b51qq")
metadata/_edit_lock_ = true

[node name="VBoxContainer" type="VBoxContainer" parent="."]
layout_mode = 1
anchors_preset = -1
anchor_left = 0.214
anchor_top = 0.231
anchor_right = 0.767
anchor_bottom = 0.844
offset_left = -0.528015
offset_top = 0.311996
offset_right = 0.415955
offset_bottom = 0.0879517
grow_horizontal = 2
grow_vertical = 2
theme_override_constants/separation = 30

[node name="Title" type="Label" parent="VBoxContainer"]
layout_mode = 2
size_flags_vertical = 6
size_flags_stretch_ratio = 0.25
theme_override_colors/font_color = Color(0.741176, 0.654902, 0.341176, 1)
theme_override_colors/font_outline_color = Color(0.219608, 0.196078, 0.101961, 1)
theme_override_constants/outline_size = 9
theme_override_font_sizes/font_size = 124
text = "LOBBY"
horizontal_alignment = 1

[node name="HBoxContainer" type="HBoxContainer" parent="VBoxContainer"]
layout_mode = 2
size_flags_vertical = 3
theme_override_constants/separation = 40

[node name="VBoxContainer" type="VBoxContainer" parent="VBoxContainer/HBoxContainer"]
layout_mode = 2
size_flags_horizontal = 3
theme_override_constants/separation = 30

[node name="Name" type="TextEdit" parent="VBoxContainer/HBoxContainer/VBoxContainer"]
unique_name_in_owner = true
layout_mode = 2
size_flags_vertical = 3
theme_override_font_sizes/font_size = 36
placeholder_text = "Nickname"

[node name="HBoxContainer" type="HBoxContainer" parent="VBoxContainer/HBoxContainer/VBoxContainer"]
layout_mode = 2
size_flags_vertical = 3
theme_override_constants/separation = 20

[node name="Label" type="Label" parent="VBoxContainer/HBoxContainer/VBoxContainer/HBoxContainer"]
layout_mode = 2
size_flags_horizontal = 3
theme_override_colors/font_color = Color(0, 0, 0, 1)
theme_override_font_sizes/font_size = 36
text = "Color 1"

[node name="Color1" type="ColorPickerButton" parent="VBoxContainer/HBoxContainer/VBoxContainer/HBoxContainer"]
unique_name_in_owner = true
layout_mode = 2
size_flags_horizontal = 3
text = "Color 1"
color = Color(0.0352941, 0.639216, 0.776471, 1)

[node name="HBoxContainer2" type="HBoxContainer" parent="VBoxContainer/HBoxContainer/VBoxContainer"]
layout_mode = 2
size_flags_vertical = 3
theme_override_constants/separation = 20

[node name="Label2" type="Label" parent="VBoxContainer/HBoxContainer/VBoxContainer/HBoxContainer2"]
layout_mode = 2
size_flags_horizontal = 3
theme_override_colors/font_color = Color(0, 0, 0, 1)
theme_override_font_sizes/font_size = 36
text = "Color 2"

[node name="Color2" type="ColorPickerButton" parent="VBoxContainer/HBoxContainer/VBoxContainer/HBoxContainer2"]
unique_name_in_owner = true
layout_mode = 2
size_flags_horizontal = 3
text = "Color 1"
color = Color(1, 1, 1, 1)

[node name="VBoxContainer2" type="VBoxContainer" parent="VBoxContainer/HBoxContainer"]
layout_mode = 2
size_flags_horizontal = 3
theme_override_constants/separation = 30

[node name="Room" type="TextEdit" parent="VBoxContainer/HBoxContainer/VBoxContainer2"]
unique_name_in_owner = true
custom_minimum_size = Vector2(0, 70)
layout_mode = 2
size_flags_vertical = 3
theme_override_font_sizes/font_size = 36
placeholder_text = "Room Name"

[node name="JoinRoom" type="Button" parent="VBoxContainer/HBoxContainer/VBoxContainer2"]
unique_name_in_owner = true
layout_mode = 2
size_flags_vertical = 3
theme_override_colors/font_color = Color(0, 0, 0, 1)
theme_override_font_sizes/font_size = 36
theme_override_styles/normal = SubResource("StyleBoxTexture_l6jty")
theme_override_styles/hover = SubResource("StyleBoxTexture_fp2ia")
theme_override_styles/pressed = SubResource("StyleBoxTexture_iarei")
text = "Join Room"

[node name="Ready" type="Button" parent="VBoxContainer/HBoxContainer/VBoxContainer2"]
unique_name_in_owner = true
layout_mode = 2
size_flags_vertical = 3
theme_override_colors/font_color = Color(0, 0, 0, 1)
theme_override_font_sizes/font_size = 36
theme_override_styles/normal = SubResource("StyleBoxTexture_l6jty")
theme_override_styles/hover = SubResource("StyleBoxTexture_553rh")
theme_override_styles/pressed = SubResource("StyleBoxTexture_4hqol")
text = "Ready"

[node name="RoomInfo" type="Panel" parent="VBoxContainer/HBoxContainer"]
layout_mode = 2
size_flags_horizontal = 3

[node name="VBoxContainer3" type="VBoxContainer" parent="VBoxContainer/HBoxContainer/RoomInfo"]
layout_mode = 1
anchors_preset = 15
anchor_right = 1.0
anchor_bottom = 1.0
offset_left = -25.0
offset_right = 26.0
grow_horizontal = 2
grow_vertical = 2
size_flags_horizontal = 3

[node name="RoomName" type="Label" parent="VBoxContainer/HBoxContainer/RoomInfo/VBoxContainer3"]
unique_name_in_owner = true
layout_mode = 2
theme_override_font_sizes/font_size = 32
text = "Room"
horizontal_alignment = 1

[node name="Margin" type="Control" parent="VBoxContainer/HBoxContainer/RoomInfo/VBoxContainer3"]
unique_name_in_owner = true
layout_mode = 2
size_flags_vertical = 3
size_flags_stretch_ratio = 3.0

[node name="Entries" type="RichTextLabel" parent="VBoxContainer/HBoxContainer/RoomInfo/VBoxContainer3/Margin"]
unique_name_in_owner = true
layout_mode = 1
anchors_preset = -1
anchor_left = 0.25
anchor_right = 0.75
anchor_bottom = 1.0
grow_horizontal = 0
size_flags_vertical = 3
size_flags_stretch_ratio = 3.0
bbcode_enabled = true

[node name="Label2" type="Label" parent="VBoxContainer/HBoxContainer/RoomInfo/VBoxContainer3"]
layout_mode = 2
size_flags_horizontal = 3
size_flags_vertical = 3
size_flags_stretch_ratio = 0.25
theme_override_colors/font_color = Color(1, 0, 0, 1)
theme_override_font_sizes/font_size = 20
text = "2 players minimum"
horizontal_alignment = 1

[node name="Label4" type="Label" parent="."]
visible = false
layout_mode = 0
offset_left = 635.0
offset_top = 330.0
offset_right = 841.0
offset_bottom = 389.0
theme_override_colors/font_color = Color(0, 0, 0, 1)
theme_override_font_sizes/font_size = 48
text = "Join Room"

[node name="Label5" type="Label" parent="."]
visible = false
layout_mode = 0
offset_left = 636.0
offset_top = 418.0
offset_right = 857.0
offset_bottom = 477.0
theme_override_colors/font_color = Color(0, 0, 0, 1)
theme_override_font_sizes/font_size = 48
text = "Ready"
horizontal_alignment = 1

[node name="VBoxContainer2" type="VBoxContainer" parent="."]
layout_mode = 1
anchors_preset = 3
anchor_left = 1.0
anchor_top = 1.0
anchor_right = 1.0
anchor_bottom = 1.0
offset_left = -221.0
offset_top = -72.0
grow_horizontal = 0
grow_vertical = 0

[node name="Server" type="Button" parent="VBoxContainer2"]
layout_mode = 2
theme_override_font_sizes/font_size = 23
text = "Run Server"

[connection signal="pressed" from="VBoxContainer/HBoxContainer/VBoxContainer2/JoinRoom" to="." method="_on_join_room_pressed"]
[connection signal="pressed" from="VBoxContainer/HBoxContainer/VBoxContainer2/Ready" to="." method="_on_ready_pressed"]
[connection signal="pressed" from="VBoxContainer2/Server" to="." method="_on_server_pressed"]
